<?xml version="1.0" encoding="UTF-8"?><collection><record><leader>10974ntm a2200877 a 4500</leader><controlfield tag="001">006822778</controlfield><controlfield tag="003">MiAaHDL</controlfield><controlfield tag="005">20190719000000.0</controlfield><controlfield tag="006">m        d        </controlfield><controlfield tag="007">cr bn ---auaua</controlfield><controlfield tag="008">090624q16861687xx            00| ||ota d</controlfield><datafield tag="035" ind1=" " ind2=" "><subfield code="a">(MiU)006822778</subfield></datafield><datafield tag="035" ind1=" " ind2=" "><subfield code="a">sdr-miu006822778</subfield></datafield><datafield tag="040" ind1=" " ind2=" "><subfield code="a">MiU</subfield><subfield code="c">MiU</subfield><subfield code="e">amremm</subfield></datafield><datafield tag="041" ind1="0" ind2=" "><subfield code="a">ota</subfield><subfield code="a">ara</subfield></datafield><datafield tag="043" ind1=" " ind2=" "><subfield code="a">n-us-mi</subfield></datafield><datafield tag="100" ind1="0" ind2=" "><subfield code="6">880-01</subfield><subfield code="a">Ahmet Vecdi Efendi,</subfield><subfield code="d">d. 1633.</subfield></datafield><datafield tag="245" ind1="1" ind2="0"><subfield code="6">880-03</subfield><subfield code="a">[Rahatü'l-eşbah fi beyanü'l-ervah ... etc.,</subfield><subfield code="f">1098, i.e. 1686 or 1687].</subfield></datafield><datafield tag="246" ind1="3" ind2=" "><subfield code="i">Title from inscription on opening 'title page' (p.7):</subfield><subfield code="a">رساله راحة الاشباح فى بيان الارواح</subfield></datafield><datafield tag="260" ind1=" " ind2=" "><subfield code="c">[1686 or 1687].</subfield></datafield><datafield tag="300" ind1=" " ind2=" "><subfield code="a">86 leaves :</subfield><subfield code="b">paper ;</subfield><subfield code="c">230 x 140 (167 x 83) mm.</subfield></datafield><datafield tag="500" ind1=" " ind2=" "><subfield code="a">Shelfmark: Ann Arbor, University of Michigan, Special Collections Library, Isl. Ms. 419</subfield></datafield><datafield tag="500" ind1=" " ind2=" "><subfield code="a">Origin: Lacks detailed colophon though partially effaced patronage statements appear with each work, and the statement following the final work (p.168) is dated 1098 [1686 or 7].</subfield></datafield><datafield tag="500" ind1=" " ind2=" "><subfield code="a">Former shelfmark: "514 [?] T. De M. [i.e. Tammaro De Marinis]" inscribed in pencil on verso of front flyleaf.</subfield></datafield><datafield tag="500" ind1=" " ind2=" "><subfield code="a">Binding: Pasteboards covered in brown leather ; Type II binding (with flap) ; doublures and lining of envelope flap in marbled paper (mainly in red and brown) ; upper and lower covers carry tooled and gold-painted central ornament in a diamond shape (filled with crosshatch pattern) with rosette accents and stroke pendants, as well as tooled and gold-painted border in a series of s-shaped stamps with flanking fillets and rosette accents ; sewn in pink thread, two stations, failing ; worked chevron endbands in blue and yellow, only headband remains ; overall in fair condition with minor abrasion, lifting and losses of leather (mainly at fore edge flap), spine slant (slightly cocked), etc. ; repair to spine (rebacked) in cream textile.</subfield></datafield><datafield tag="500" ind1=" " ind2=" "><subfield code="a">Support: non-European laid paper of a few types ; mainly with 9 laid lines per cm. (horizontal or vertical, for most fairly distinct, some appearance of curving) and somewhat irregular chain lines (mainly single but with occasional groups of two) sometimes appearing about 25 mm. apart, cloudy formation, dark beige to light brown in color, fairly thin and transluscent, well-burnished ; another type with roughly 9 laid lines per cm. (fairly distinct) and occasional chain lines visible, typically tinted pale blue, mint green, pink or yellow, well-burnished.</subfield></datafield><datafield tag="500" ind1=" " ind2=" "><subfield code="a">Decoration: Superb illuminated headpiece (ʻunwān / sarlawḥ) at opening of each main work (see pp.8, 46, 58, 138), each consisting of a variation on a rectangular panel with gold cartouche (in one case carrying title, see p.58) surmounted by a semi-circular piece or dome overlaid with delicate floral and cloud motifs on grounds in gold and shades of dark and light blue with decorative bands and surmounting vertical stalks (tīgh) ; headings, keywords, excerpts, and abbreviation symbols (mainly two-teeth stroke overlining some keywords) rubricated ; headings in selection of poetry chrysographed ; textual dividers in the form of red inverted commas and gold discs ; occasional overlining in red ; written area and divisions within surrounded by narrow gold frame defined by black fillets.</subfield></datafield><datafield tag="500" ind1=" " ind2=" "><subfield code="a">Script: Nastaʻlīq (talik) and naskh ; elegant Ottoman hands in a medium line ; opening works (through p.148) in a fine nastaʻlīq/talik, serifless with effect of inclination to the right, slight effect of words descending to baseline, mainly curvilinear descenders, pointing mainly in strokes or conjoined dots ; final works in careful naskh, two clear Ottoman hands, opening hand (pp.152-157) mainly serifless, compact yet vertically elongated with dramatic inclination to the left, curvilinear descenders, open and closed counters, free assimilation of letters, pointing in strokes or distinct dots ; second hand (p.160 to close) partially but somewhat irregularly seriffed, spacious and neatly formed with slight tilt to the left, curvilinear descenders, many open counters, pointing in conjoined dots, partially vocalized.</subfield></datafield><datafield tag="500" ind1=" " ind2=" "><subfield code="a">Layout: Written in 21 lines per page ; frame-ruled.</subfield></datafield><datafield tag="500" ind1=" " ind2=" "><subfield code="a">Collation: iv, V(10), IV+1 (19), III (25), 4 V(65), II+3 (72), II (76), V (86) ; chiefly quinions ; final leaves and some pages between works left blank ; catchwords present ; pagination in pencil, Western numerals, supplied during digitization (includes added leaves serving as flyleaves at opening).</subfield></datafield><datafield tag="500" ind1=" " ind2=" "><subfield code="a">Incipit: [Rahatü'l-eşbah] "حمد بيحد و شكر لا يعد اول حي وقيومه كه حياتى سرمديه [؟] در آز الده ... وبعد بو اضعف العباد اعنى وجدى ناصراد ... ونامنه راحة الاشباح فى بيان الارواح ديدم ..." ; [Risale-yi Hakikat-i nevm] "يا واجب الوجود يا فائض الجود جناب عزتكدن مأمول وعالى حضرتكدن ... وبعد بو فقير وحقير اعنى وجدى پر تقصير دير كه وقتا كيم راحة الاشباح نام رساله نك تحريرندن فارغ اولدمسه مراد ايدندمكه حقيقت نوم ايله حقيقت رؤيا بياننده بر رساله تحرير وآنده انواع واقسام رؤيايى على طريق الاجمال تسطير ايدم ... دانى اوچ مقاله اوزرينه ترتيب ايلدم وبالله التوفيق ..." ; [Risale-yi Kutü'l-ervah] "منت اول خداي منانه مخصوصدر كه آدمك روحنى تشريف اضافت ونفخت فيه من روحى ايله جميع ارواحدن ممناز ايلدى ... اما بعد بو فقير دلداده اعنى وجدى افتاده دير كه بوندن اول بعض اخوان صفانك التماسلريله راحة الاشباح نامنده بر رساله مفيده تحرير وانده روح انسانى حقنده وآرده اولان اقاويله اجمالا تسطير ايتمشيدم ... قوت الارواح اسميله مسمى اولمغه ..." ; [treatise on eşbah, etc.] "نحمدك يا واجب الوجود ونشكرك يا ذا الفضل والجود ونصلى على حبيبك المصطفى وعلى آله وصحبه اهل الصفا وبعد بو فقيره تردد ايدن ياراندن [؟] ابراهيم چلبى ديمكله معروف وطلب علم ومعرفتله موصوف بر ياغار ورفيق وفادار ..."</subfield></datafield><datafield tag="500" ind1=" " ind2=" "><subfield code="a">Title supplied by cataloguer from opening matter on p.9.</subfield></datafield><datafield tag="500" ind1=" " ind2=" "><subfield code="a">Ms. codex.</subfield></datafield><datafield tag="505" ind1="0" ind2=" "><subfield code="a">14. p.169-178 : [blank].</subfield></datafield><datafield tag="505" ind1="0" ind2=" "><subfield code="a">13. p.168 : [partially effaced patronage statement].</subfield></datafield><datafield tag="505" ind1="0" ind2=" "><subfield code="a">12. p.166-p.167 : Hādhā Sharḥ Aṣḥāb al-kahf.</subfield></datafield><datafield tag="505" ind1="0" ind2=" "><subfield code="a">11. p.160-p.165 : [masāʼil opening with "Masʼalah ʻan al-nisāʼ al-Ṭahārāt...etc."].</subfield></datafield><datafield tag="505" ind1="0" ind2=" "><subfield code="a">10. p.158-p.159 : [blank].</subfield></datafield><datafield tag="505" ind1="0" ind2=" "><subfield code="a">9. p.152-p.157 : [selection of poetry].</subfield></datafield><datafield tag="505" ind1="0" ind2=" "><subfield code="a">8. p.149-151 : [blank].</subfield></datafield><datafield tag="505" ind1="0" ind2=" "><subfield code="a">7. p.138-p.148 : [another treatise on eşbah] / İbrahim Çelebi [?].</subfield></datafield><datafield tag="505" ind1="0" ind2=" "><subfield code="a">6. p.137 : [blank].</subfield></datafield><datafield tag="505" ind1="0" ind2=" "><subfield code="a">5. p.58-p.136 : Risale-yi Kutü'l-ervah.</subfield></datafield><datafield tag="505" ind1="0" ind2=" "><subfield code="a">4. p.55-p.57 : [blank].</subfield></datafield><datafield tag="505" ind1="0" ind2=" "><subfield code="a">3. p.46-p.54 : [Risale-yi Hakikat-i nevm ile hakikat-i rüya beyanında].</subfield></datafield><datafield tag="505" ind1="0" ind2=" "><subfield code="a">2. p.44-p.45 : [blank].</subfield></datafield><datafield tag="505" ind1="0" ind2=" "><subfield code="a">1. p.8-p.43 : Rahatü'l-eşbah fi beyanü'l-ervah / Ahmet Vecdi Efendi.</subfield></datafield><datafield tag="510" ind1="4" ind2=" "><subfield code="a">Fihris al-makhṭūṭāt al-Turkīyah al-ʻUthmānīyah allatī iqtanatʹhā Dār al-Kutub al-Qawmīyah mundhu ʻām 1870 ḥattá nihāyat 1980,</subfield><subfield code="c">v. 2, p.128, no.2029</subfield></datafield><datafield tag="520" ind1="8" ind2=" "><subfield code="a">Elegant copy of a collection (majmūʻah / mecmua) of several brief treatises in Ottoman Turkish on spirits, sleep, dreams, the afterlife, etc. opening with a work by Ahmet Vecdi Efendi (d.1633), followed by a selection of poetry and excerpts in Arabic on assorted masāʼil, etc. Contributions to the cataloguing from Hossein Mottaghi.</subfield></datafield><datafield tag="538" ind1=" " ind2=" "><subfield code="a">Mode of access: Internet.</subfield></datafield><datafield tag="541" ind1=" " ind2=" "><subfield code="c">Purchase ;</subfield><subfield code="a">Acquired by purchase (funds donated by Horace Rackham).</subfield><subfield code="d">1924.</subfield></datafield><datafield tag="546" ind1=" " ind2=" "><subfield code="a">Ottoman Turkish and Arabic.</subfield></datafield><datafield tag="561" ind1=" " ind2=" "><subfield code="a">Effaced statements on front flyleaf ("محمد بك..." etc.) ; birth notice on front flyleaf (among added leaves serving as flyleaves, p.2) with date 8 Ramaḍān 1234 [ca. 1 July 1819] and time (8 hours, 16 minutes) for a son, Seyit Ahmet İzzet Efendi (سيد احمد عزت افندى ) ; former owners' marks on 'title page' (p.7) include statement dated Jumādá I 1133 [March 1721] in name of Yusuf bin Abdullah (يوسف ابن عبد الله) statement reads "دخل في سلك افقر العباد واحوجهم الى الله سبحانه وتعالى يوسف ابن عبد الله عفي عنه آمين م جمادى الاول سنه ١١٣٣" and partially obscured statement and oval seal impression in name of one Mustafa [?] ; occasional notabilia (side-heads) marked with "مطلب" etc. often rubricated (see pp.26, 35, 36, etc.) ; occasional glosses ; effaced patronage statement at close of opening work (p.43), at close of second work (p.54), on 'title page' of third work (p.57), following selection of poetry (p.158), and following final work (p.168).</subfield></datafield><datafield tag="650" ind1=" " ind2="0"><subfield code="a">Manuscripts, Arabic</subfield><subfield code="z">Michigan</subfield><subfield code="z">Ann Arbor.</subfield></datafield><datafield tag="650" ind1=" " ind2="0"><subfield code="a">Manuscripts, Turkish</subfield><subfield code="z">Michigan</subfield><subfield code="z">Ann Arbor.</subfield></datafield><datafield tag="650" ind1=" " ind2="0"><subfield code="a">Dreams</subfield><subfield code="x">Relgious aspects</subfield><subfield code="x">Islam</subfield><subfield code="v">Early works to 1800.</subfield></datafield><datafield tag="650" ind1=" " ind2="0"><subfield code="a">Future life</subfield><subfield code="v">Early works to 1800.</subfield></datafield><datafield tag="650" ind1=" " ind2="0"><subfield code="a">Spirits (Islam)</subfield><subfield code="v">Early works to 1800.</subfield></datafield><datafield tag="655" ind1=" " ind2="7"><subfield code="a">Headpieces (layout features)</subfield><subfield code="y">17th century.</subfield><subfield code="2">aat</subfield></datafield><datafield tag="700" ind1="0" ind2=" "><subfield code="a">Abdülhamid</subfield><subfield code="b">II,</subfield><subfield code="c">Sultan of the Turks,</subfield><subfield code="d">1842-1918,</subfield><subfield code="e">former owner.</subfield></datafield><datafield tag="700" ind1="0" ind2=" "><subfield code="6">880-11</subfield><subfield code="a">Yusuf bin Abdullah,</subfield><subfield code="d">fl. 1721,</subfield><subfield code="e">former owner.</subfield></datafield><datafield tag="740" ind1="0" ind2="2"><subfield code="6">880-09</subfield><subfield code="a">Hādhā Sharḥ Aṣḥāb al-kahf</subfield></datafield><datafield tag="740" ind1="0" ind2="2"><subfield code="6">880-08</subfield><subfield code="a">Masʼalah ʻan al-nisāʼ</subfield></datafield><datafield tag="740" ind1="0" ind2="2"><subfield code="6">880-06</subfield><subfield code="a">Risale-yi Kutü'l-ervah</subfield></datafield><datafield tag="740" ind1="0" ind2="2"><subfield code="6">880-05</subfield><subfield code="a">Risale-yi Hakikat-i nevm ile hakikat-i rüya beyanında</subfield></datafield><datafield tag="740" ind1="0" ind2="2"><subfield code="6">880-04</subfield><subfield code="a">Rāḥat al-arwāḥ fī bayān al-ashbāḥ</subfield></datafield><datafield tag="740" ind1="0" ind2="2"><subfield code="6">880-04</subfield><subfield code="a">Risale-yi Rahatü'l-eşbah fi beyanü'l-ervah.</subfield></datafield><datafield tag="773" ind1="0" ind2=" "><subfield code="a">Abdul Hamid Collection.</subfield></datafield><datafield tag="880" ind1="0" ind2=" "><subfield code="6">700-11/</subfield><subfield code="a">يوسف بن عبد الله،</subfield><subfield code="e">مالك سابق.</subfield></datafield><datafield tag="880" ind1="0" ind2="2"><subfield code="6">740-09/</subfield><subfield code="a">هذا شرح اصحاب الكهف</subfield></datafield><datafield tag="880" ind1="0" ind2="2"><subfield code="6">740-08/</subfield><subfield code="a">مسئلة عن النساء</subfield></datafield><datafield tag="880" ind1="0" ind2="2"><subfield code="6">740-06/</subfield><subfield code="a">رساله قوت الارواح</subfield></datafield><datafield tag="880" ind1="0" ind2="2"><subfield code="6">740-05/</subfield><subfield code="a">رساله حقيقت نوم ايله حقيقت رؤيا بياننده</subfield></datafield><datafield tag="880" ind1="0" ind2="2"><subfield code="6">740-04/</subfield><subfield code="a">رساله راحة الاشباح فى بيان الارواح</subfield></datafield><datafield tag="880" ind1="1" ind2="0"><subfield code="6">245-03/</subfield><subfield code="a">[راحة الاشباح فى بيان الارواح ... الخ,</subfield><subfield code="f">1098ه، 1686 او 1687م].</subfield></datafield><datafield tag="880" ind1="0" ind2=" "><subfield code="6">100-01/</subfield><subfield code="a">احمد وجدى افندى.</subfield></datafield><datafield tag="CID" ind1=" " ind2=" "><subfield code="a">006822778</subfield></datafield><datafield tag="DAT" ind1="0" ind2=" "><subfield code="a">20190719102640.0</subfield><subfield code="b">20190719000000.0</subfield></datafield><datafield tag="DAT" ind1="1" ind2=" "><subfield code="a">20190719090653.0</subfield><subfield code="b">2019-07-19T16:12:11Z</subfield></datafield><datafield tag="DAT" ind1="2" ind2=" "><subfield code="a">2015-10-02T18:00:03Z</subfield></datafield><datafield tag="CAT" ind1=" " ind2=" "><subfield code="a">SDR-MIU</subfield><subfield code="d">EX LIBRIS - ALEPH</subfield><subfield code="l">prepare.pl-004-008</subfield></datafield><datafield tag="FMT" ind1=" " ind2=" "><subfield code="a">BK</subfield></datafield><datafield tag="HOL" ind1=" " ind2=" "><subfield code="0">sdr-miu006822778</subfield><subfield code="a">MiU</subfield><subfield code="b">SDR</subfield><subfield code="c">MIU</subfield><subfield code="p">mdp.39015079130863</subfield><subfield code="s">MIU</subfield><subfield code="1">006822778</subfield></datafield><datafield tag="974" ind1=" " ind2=" "><subfield code="b">MIU</subfield><subfield code="c">MIU</subfield><subfield code="d">20190719</subfield><subfield code="s">lit-dlps-dc</subfield><subfield code="u">mdp.39015079130863</subfield><subfield code="y">1687</subfield><subfield code="r">pd</subfield><subfield code="q">bib</subfield><subfield code="t">non-US bib date2 &lt; 1879</subfield></datafield></record></collection>